@misc { irwin,
author = "Neal Irwin",
title = "Bitcoin is ludicrous, but it tells us something important about the nature of money",
year = "2013",
url = "http://www.washingtonpost.com/blogs/wonkblog/wp/2013/04/12/bitcoin-is-ludicrous-but-it-tells-us-something-important-about-the-nature-of-money/",
note = "[Online; accessed 11-February-2014]"
}

@misc { krugman1,
author = "Paul Krugman",
title = "Adam Smith Hates Bitcoin",
year = "2013",
url = "http://krugman.blogs.nytimes.com/2013/04/12/adam-smith-hates-bitcoin/",
note = "[Online; accessed 11-February-2014]"
}

@misc { krugman2,
author = "Paul Krugman",
title = "Baby sitting can't avoid recessions",
year = "1997",
url = "http://www.pkarchive.org/theory/BabySittingCantAvoidRecessions.html",
note = "[Online; accessed 11-February-2014]"
}
